@misc{Werkzeug,
  author       = {Pallets Projects},
  title        = {Utilities â€” Werkzeug Documentation (2.3.X)},
  year         = {2023},
  url          = {https://werkzeug.palletsprojects.com/en/2.3.x/utils/},
  note         = {Accessed: 2024-10-06},
}

@misc{microsoft2024exchange,
  title        = {Microsoft 365 Exchange Data Deletion},
  author       = {Microsoft},
  year         = {2024},
  howpublished = {\url{https://learn.microsoft.com/en-us/compliance/assurance/assurance-exchange-online-data-deletion}},
  note         = {Accessed: 2024-10-06}
}
